@misc {interview_tutorial, 
    title = {The UX Research Field Guide: Discovery Research Methods}, 
    url = {https://www.userinterviews.com/ux-research-field-guide-chapter/user-interviews}, 
    publisher = {User Interview Inc.}, 
    year = {2022}
} 
